@inproceedings{hust2025,
  title     = {Context-free languages and pushdown automata, fami-hust, 2025},
  author    = {Han, N. D.},
  year      = {2025},
  note      = {Lecture slides, Faculty of Mathematics and Informatics, Hanoi University of Science and Technology, available from course materials}
}

@article{ChenYao2022,
  author  = {Chen, C. and Yao, M. Z.},
  title   = {Strategic use of immersive media and narrative message in virtual marketing: Understanding the roles of telepresence and transportation},
  journal = {Psychology and Marketing},
  year    = {2022},
  volume  = {39},
  number  = {3},
  pages   = {524--542},
  doi     = {10.1002/mar.21630}
}

@article{Deloitte2000,
  author  = {{Deloitte}},
  title   = {The evolving European model of professional sports finance},
  journal = {Journal of Sports Economics},
  year    = {2000},
  volume  = {1},
  number  = {3},
  pages   = {257--276},
  doi     = {10.1177/152700250000100304}
}

@misc{Scribbr2020,
  author       = {{Scribbr}},
  title        = {Develop a theoretical framework in three steps},
  year         = {2020},
  howpublished = {YouTube video},
  note         = {Video},
  url          = {https://youtu.be/4y1BAqOnhMM}
}

@misc{SlatWorp2019,
  author       = {Slat, B. and Worp, C.},
  title        = {Whales likely impacted by Great Pacific garbage patch},
  year         = {2019},
  howpublished = {The Ocean Cleanup},
  url          = {https://www.theoceancleanup.com/updates/whales-likely-impacted-by-great-pacific-garbage-patch/}
}

@misc{SlatWorpHolierhoekND,
  author       = {Slat, B. and Worp, C. and Holierhoek, L.},
  title        = {Whales likely impacted by Great Pacific garbage patch},
  howpublished = {The Ocean Cleanup},
  note         = {Retrieved February 12, 2025},
  url          = {https://www.theoceancleanup.com/updates/whales-likely-impacted-by-great-pacific-garbage-patch/}
}

@book{Launiainen2018,
  author    = {Launiainen, P.},
  title     = {A brief history of everything wireless: How invisible waves have changed the world},
  year      = {2018},
  publisher = {Springer},
  address   = {Cham},
  doi       = {10.1007/978-3-319-78910-1}
}

@inproceedings{Karatas2021,
  author    = {Karatas, E. and Adali, B. and Aydin, O. and Dalkilic, G.},
  title     = {Mobile application that detects COVID-19 from cough and image using smartphone recordings and machine learning},
  booktitle = {2021 Innovations in Intelligent Systems and Applications Conference (ASYU)},
  pages     = {1--6},
  year      = {2021},
  organization = {IEEE},
  doi       = {10.1109/ASYU52992.2021.95989618}
}

@incollection{MarahChallenger2023,
  author    = {Marah, H. and Challenger, M.},
  title     = {An Architecture for Intelligent Agent-Based Digital Twin for Cyber-Physical Systems},
  booktitle = {Digital Twin Driven Intelligent Systems and Emerging Metaverse},
  editor    = {Karaarslan, E. and Aydin, O. and Cali, U. and Challenger, M.},
  publisher = {Springer},
  address   = {Singapore},
  year      = {2023},
  doi       = {10.1007/978-981-99-0252-13}
}
